% This file was created with JabRef 2.9.2.
% Encoding: UTF8

@ELECTRONIC{TCO03,
  author = {Swedish Confederation Of Professional Employees The},
  year = {2005},
  title = {ТСО '03},
  language = {russian},
  url = {http://www.dtic.ua.es/ibis/recursos/normativas/TCO03CRT.pdf},
  annote = {дата обращения: 11.11.2013},
  numpages = {100},
  owner = {PAN},
  timestamp = {2013.11.11}
}

@BOOK{LabourProtOnCC,
  title = {Охрана труда на ВЦ. Методическими указаниями к дипломному проектированию},
  publisher = {МАИ},
  year = {1991},
  author = {Н.И. Бобков and Т.В. Голованова},
  address = {М.},
  language = {russian},
  numpages = {16},
  owner = {PAN},
  timestamp = {2013.11.11}
}

@BOOK{EconomicsMethodic,
  title = {Экономическое обоснование дипломных проектов (работ) по приборо-
	и радиоприборостроению},
  publisher = {ИВАКО Аналитик},
  year = {2008},
  editor = {Панагушина В.П.},
  author = {Панагушин В.П. and Ковалева Т.С. and Малютина О.А. and Михайловская
	Н.М. and Прозорова В.С. and Чайка Н.К.},
  address = {М.},
  language = {russian},
  numpages = {44},
  owner = {PAN},
  timestamp = {2013.11.11}
}

@BOOK{GOST2_105,
  title = {ГОСТ 2.105--95 «Единая система конструкторской документации. Общие
	требования к текстовым документам»},
  publisher = {Стандартинформ},
  year = {2005},
  address = {М.},
  language = {russian},
  numpages = {29},
  owner = {PAN},
  timestamp = {2013.11.11}
}

@BOOK{R2_2_2006,
  title = {Р 2.2.2006--05 «Руководство по гигиенической оценке факторов рабочей
	среды и трудового процесса. Критерии и классификация условий труда»},
  publisher = {Минздрав России},
  year = {2005},
  address = {М.},
  language = {russian},
  numpages = {156},
  owner = {PAN},
  timestamp = {2013.11.11}
}

@BOOK{GOST7_1,
  title = {ГОСТ 7.1--2003 «Библиографическая запись. Библиографическое описание.
	Общие требования и правила составления»},
  publisher = {ИПК Издательство стандартов},
  year = {2004},
  address = {М.},
  language = {russian},
  numpages = {166},
  owner = {PAN},
  timestamp = {2013.11.11}
}

@BOOK{SanPin2_2_2,
  title = {СанПиН 2.2.2/2.4.1340--03 (с изменениями от 25 апреля 2007 г.) «Гигиенические
	требования к персональным электронно-вычислительным машинам и организации
	работы»},
  publisher = {Минздрав России},
  year = {2003},
  address = {М.},
  language = {russian},
  numpages = {32},
  owner = {PAN},
  timestamp = {2013.11.10}
}

@BOOK{GOST12_1_005,
  title = {ГОСТ 12.1.005--88 ССБТ «Общие санитарно-гигиенические требования
	к воздуху рабочей зоны»},
  publisher = {ИПК Издательство стандартов},
  year = {2002},
  address = {М.},
  language = {russian},
  numpages = {71},
  owner = {PAN},
  timestamp = {2013.11.11}
}

@BOOK{PUE7,
  title = {Правила устройства электроустановок. Издание седьмое},
  publisher = {Минэнерго России},
  year = {2002},
  address = {М.},
  language = {russian},
  numpages = {222},
  owner = {PAN},
  timestamp = {2013.11.11}
}

@BOOK{GOST7_32,
  title = {ГОСТ 7.32--2001 «Отчет о научно-исследовательской работе. Структура
	и правила оформления»},
  publisher = {ИПК Издательство стандартов},
  year = {2001},
  address = {М.},
  language = {russian},
  numpages = {22},
  owner = {PAN},
  timestamp = {2013.11.11}
}

@BOOK{GOST12_1_004,
  title = {ГОСТ 12.1.004--91 «Пожарная безопасность. Общие требования»},
  publisher = {ИПК Издательство стандартов},
  year = {1996},
  address = {М.},
  language = {russian},
  numpages = {83},
  owner = {PAN},
  timestamp = {2013.11.11}
}

@BOOK{SNiP23_05_95,
  title = {СНиП 23-05-95 «Естественное и искусственное освещение»},
  publisher = {Минстрой России},
  year = {1995},
  address = {М.},
  language = {russian},
  numpages = {59},
  owner = {PAN},
  timestamp = {2013.11.11}
}

@BOOK{GOST12_1_038,
  title = {ГОСТ 12.1.038--82 «Электробезопасность. Предельно допустимые значения
	напряжений прикосновения и токов»},
  publisher = {ИПК Издательство стандартов},
  year = {1988},
  address = {М.},
  language = {russian},
  numpages = {5},
  owner = {PAN},
  timestamp = {2013.11.11}
}

@BOOK{GOST12_1_003,
  title = {ГОСТ 12.1.003--83 «Шум. Общие требования безопасности»},
  publisher = {ИПК Издательство стандартов},
  year = {1983},
  address = {М.},
  language = {russian},
  numpages = {13},
  owner = {PAN},
  timestamp = {2013.11.11}
}

